@inproceedings{dive:path-games,
  author    = {Khantanapoka, Khammapun and Chinnasarn, Krisana},
  booktitle = {2009 Eighth International Symposium on Natural Language Processing},
  doi       = {10.1109/SNLP.2009.5340922},
  pages     = {184-188},
  title     = {Pathfinding of 2D \& 3D game real-time strategy with depth direction A* algorithm for multi-layer},
  year      = {2009},
  url       = {https://ieeexplore.ieee.org/abstract/document/5340922}
}

@incollection{dive:bfs-dfs,
  author    = {Kozen, Dexter C},
  booktitle = {The design and analysis of algorithms},
  pages     = {19--24},
  publisher = {Springer},
  title     = {Depth-first and breadth-first search},
  year      = {1992},
  url       = {https://link.springer.com/chapter/10.1007/978-1-4612-4400-4_4}
}

@inproceedings{dive:planning,
  author    = {Žunić, E. and Djedović, A. and Žunić, B.},
  booktitle = {2016 39\textsuperscript{th} International Convention on Information and Communication Technology, Electronics and Microelectronics (MIPRO)},
  doi       = {10.1109/MIPRO.2016.7522330},
  pages     = {1248-1253},
  title     = {Software solution for optimal planning of sales persons work based on Depth-First Search and Breadth-First Search algorithms},
  year      = {2016},
  url       = {https://ieeexplore.ieee.org/abstract/document/7522330}
}

@article{dive:traverse,
  author    = {Lindstrom, Gary},
  journal   = {Information Processing Letters},
  number    = {2},
  pages     = {47--51},
  publisher = {Elsevier},
  title     = {Scanning list structures without stacks or tag bits},
  volume    = {2},
  year      = {1973},
  url = {https://www.sciencedirect.com/science/article/pii/0020019073900124}
}

@misc{gh:episode-heaps,
  author = {Florian Sihler},
  title  = {Episode-Heaps},
  url    = {https://github.com/EagleoutIce/Episode-Heaps},
  year   = {2021}
}
@misc{gh:tikzpingus,
  author = {Florian Sihler},
  title  = {\LaTeX-Package, tikzpingus},
  url    = {https://github.com/EagleoutIce/tikzpingus},
  year   = {2021}
}
